% 参考文献を管理する bibtex ファイル
% 現在はまだ Latex Workshop とうまく統合する方法が分からない
@book{sample,
  author    = {Shena},
  edition   = {1st},
  isbn      = {00000000000},
  publisher = {OMG Press},
  title     = {Stochastic Fuga Theory},
  year      = {2100}
}

@article{einstein1905annus,
  title     = {Zur Elektrodynamik bewegter K{\"o}rper},
  author    = {Einstein, Albert},
  journal   = {Annalen der Physik},
  volume    = {322},
  number    = {10},
  pages     = {891--921},
  year      = {1905},
  publisher = {Wiley-VCH Verlag GmbH \& Co. KGaA Weinheim}
}

@book{knuth1984texbook,
  title     = {The TeXbook},
  author    = {Knuth, Donald E.},
  publisher = {Addison-Wesley},
  year      = {1984},
  address   = {Reading, MA}
}

@inproceedings{turing1936computable,
  title     = {On Computable Numbers, with an Application to the Entscheidungsproblem},
  author    = {Turing, Alan M.},
  booktitle = {Proceedings of the London Mathematical Society},
  volume    = {2},
  number    = {1},
  pages     = {230--265},
  year      = {1936}
}